<record><leader>00000cas a2200000 a 4500</leader><controlfield tag="001">36281187</controlfield><controlfield tag="008">970128d19271936miudr n       0    0eng c</controlfield><datafield ind1=" " ind2=" " tag="010"><subfield code="a">sn 97063077 </subfield></datafield><datafield ind1=" " ind2=" " tag="040"><subfield code="a">MHN</subfield><subfield code="b">eng</subfield><subfield code="c">MHN</subfield><subfield code="d">OCL</subfield><subfield code="d">OCLCQ</subfield><subfield code="d">OCLCF</subfield><subfield code="d">OCLCO</subfield></datafield><datafield ind1=" " ind2=" " tag="042"><subfield code="a">pcc</subfield></datafield><datafield ind1=" " ind2=" " tag="043"><subfield code="a">n-us-mi</subfield></datafield><datafield ind1="0" ind2=" " tag="130"><subfield code="a">Saginaw daily news (Saginaw, Mich. : 1927)</subfield></datafield><datafield ind1="1" ind2="4" tag="245"><subfield code="a">The Saginaw daily news.</subfield></datafield><datafield ind1="3" ind2=" " tag="246"><subfield code="a">Saginaw Sunday news</subfield></datafield><datafield ind1=" " ind2=" " tag="260"><subfield code="a">Saginaw, Mich. :</subfield><subfield code="b">[s.n.]</subfield></datafield><datafield ind1=" " ind2=" " tag="300"><subfield code="a">v.</subfield></datafield><datafield ind1=" " ind2=" " tag="310"><subfield code="a">Daily</subfield></datafield><datafield ind1="0" ind2=" " tag="362"><subfield code="a">69th yr., no. 59 (Aug. 5, 1927)-78th yr., no. 38 (July 23, 1936).</subfield></datafield><datafield ind1=" " ind2=" " tag="500"><subfield code="a">Sunday ed. called: Saginaw Sunday news.</subfield></datafield><datafield ind1=" " ind2=" " tag="500"><subfield code="a">Issue called: 75th Anniversary ed., June 17, 1934.</subfield></datafield><datafield ind1=" " ind2="0" tag="651"><subfield code="a">Saginaw (Mich.)</subfield><subfield code="v">Newspapers.</subfield></datafield><datafield ind1=" " ind2="0" tag="651"><subfield code="a">Saginaw County (Mich.)</subfield><subfield code="v">Newspapers.</subfield></datafield><datafield ind1=" " ind2="7" tag="655"><subfield code="a">Newspapers.</subfield><subfield code="2">fast</subfield><subfield code="0">(OCoLC)fst01423814</subfield></datafield><datafield ind1=" " ind2="7" tag="651"><subfield code="a">Michigan</subfield><subfield code="z">Saginaw.</subfield><subfield code="2">fast</subfield><subfield code="0">(OCoLC)fst01210104</subfield></datafield><datafield ind1=" " ind2="7" tag="651"><subfield code="a">Michigan</subfield><subfield code="z">Saginaw County.</subfield><subfield code="2">fast</subfield><subfield code="0">(OCoLC)fst01202880</subfield></datafield><datafield ind1=" " ind2=" " tag="752"><subfield code="a">United States</subfield><subfield code="b">Michigan</subfield><subfield code="c">Saginaw</subfield><subfield code="d">Saginaw.</subfield></datafield><datafield ind1="0" ind2="0" tag="780"><subfield code="t">Saginaw news courier</subfield><subfield code="w">(DLC)sn 97063076</subfield><subfield code="w">(OCoLC)36281500</subfield></datafield><datafield ind1="0" ind2="0" tag="785"><subfield code="t">Saginaw news (Saginaw, Mich. : 1936)</subfield><subfield code="w">(DLC)sn 83016513</subfield><subfield code="w">(OCoLC)9872938</subfield></datafield></record>